@misc{mongodb2021,
  title={MongoDB Documentation},
  author={{MongoDB Inc.}},
  year={2021},
  howpublished={\url{https://docs.mongodb.com/}}
}

@book{vanrossum2009,
  title={Python 3 Reference Manual},
  author={Van Rossum, Guido and Drake, Fred L. Jr.},
  year={2009},
  publisher={CreateSpace},
  address={Scotts Valley, CA}
}

@article{redmon2018yolov3,
  title={YOLOv3: An Incremental Improvement},
  author={Redmon, Joseph and Farhadi, Ali},
  journal={arXiv preprint arXiv:1804.02767},
  year={2018}
}

@misc{react2021,
  title={React: A JavaScript library for building user interfaces},
  author={{Facebook}},
  year={2021},
  howpublished={\url{https://reactjs.org/}}
}

@misc{nodejs,
  title={Node.js},
  author={{Node.js Foundation}},
  howpublished={\url{https://nodejs.org/en/}},
  year={Accessed 2024}
}


@inproceedings{kreps2011kafka,
  title={Kafka: A Distributed Messaging System for Log Processing},
  author={Kreps, Jay and Narkhede, Neha and Rao, Jun},
  booktitle={NetDB},
  year={2011}
}

@article{bradski2000opencv,
  title={The OpenCV Library},
  author={Bradski, Gary},
  journal={Dr. Dobb's Journal of Software Tools},
  year={2000}
}

@misc{agilemanifesto2001,
  title={Manifesto for Agile Software Development},
  author={Beck, Kent and others},
  year={2001},
  howpublished={\url{https://agilemanifesto.org/}}
}

@misc{postman2021,
  title={Postman API Development},
  author={{Postman, Inc.}},
  year={2021},
  howpublished={\url{https://www.postman.com/}}
}

@misc{nodejs2024,
  title={Node.js Official Documentation},
  author={{Node.js Foundation}},
  year={2024},
  howpublished={\url{https://nodejs.org/en/}}
}

@misc{bcrypt2024,
  title={bcrypt: A library to help you hash passwords},
  author={{bcrypt Contributors}},
  year={2024},
  howpublished={\url{https://www.npmjs.com/package/bcrypt}}
}

@misc{confluent2024,
  title={Confluent Cloud: Stream data across public clouds},
  author={{Confluent, Inc.}},
  year={2024},
  howpublished={\url{https://www.confluent.io/confluent-cloud/}}
}

@misc{railway2024,
  title={Railway: Infrastructure for modern applications},
  author={{Railway}},
  year={2024},
  howpublished={\url{https://railway.app/}}
}

@misc{github2024,
  title={GitHub: Where the world builds software},
  author={{GitHub, Inc.}},
  year={2024},
  howpublished={\url{https://github.com/}}
}

@misc{expressjs2024,
  title={Express.js: Fast, unopinionated, minimalist web framework for Node.js},
  author={{Express.js Contributors}},
  year={2024},
  howpublished={\url{https://expressjs.com/}}
}

@misc{shfile,
  title={Sh File},
  author={{HPC Wiki Contributors}},
  year={Year of publication (if available)},
  howpublished={\url{https://hpc-wiki.info/hpc/Sh-file\#:~:text=A%20shell%20script%20or%20sh,the%20specified%20commands%20in%20order.}}
}


@misc{dockerfile,
  title={Dockerfile reference},
  author={{Docker Documentation}},
  year={n.d.},
  howpublished={\url{https://docs.docker.com/reference/dockerfile/#:~:text=A%20Dockerfile%20is%20a%20text,line%20to%20assemble%20an%20image.}}
}

@misc{umlDiagramMiro,
  title={What is a UML Diagram},
  author={{Miro}},
  year={2023},
  howpublished={\url{https://miro.com/diagramming/what-is-a-uml-diagram/}}
}

@misc{lucidchartDataFlow,
  title={Data Flow Diagram},
  author={{Lucidchart}},
  year={2023},
  howpublished={\url{https://www.lucidchart.com/pages/data-flow-diagram}}
}

@misc{twelveFactor,
  title={The Twelve-Factor App},
  author={{12factor.net}},
  year={n.d.},
  howpublished={\url{https://12factor.net/}}
}

@misc{gentleIntroductionEnvFiles,
  title={A Gentle Introduction to .env Files},
  author={{Bitsrc Blog}},
  year={n.d.},
  howpublished={\url{https://blog.bitsrc.io/a-gentle-introduction-to-env-files-9ad424cc5ff4}}
}
